<?xml version="1.0" encoding="UTF-8"?><collection xmlns="http://www.loc.gov/MARC21/slim"><record><leader>00403nam--2200133-i-4500</leader><controlfield tag="001">000032710</controlfield><controlfield tag="002">20161230</controlfield><controlfield tag="005">20170304153132</controlfield><controlfield tag="008">060222s1000------------r-----000-0-eng-d</controlfield><datafield ind1=" " ind2=" " tag="245"><subfield code="a">Kernchemie in einzeldarstellungen. Vol.5: Determination of uranium and plutonium in nuclear fuels</subfield></datafield><datafield ind1=" " ind2=" " tag="260"><subfield code="a">Weinheim</subfield><subfield code="b">Verlag Chemie</subfield><subfield code="c">1971</subfield></datafield><datafield ind1=" " ind2=" " tag="700"><subfield code="a">Sorantin, Herbert</subfield></datafield><datafield ind1=" " ind2=" " tag="852"><subfield code="a">45410</subfield></datafield><datafield ind1=" " ind2=" " tag="CAT"><subfield code="a">SYS</subfield><subfield code="c">20170304</subfield><subfield code="h">153132</subfield></datafield></record></collection>